<record><leader>00000cas a22000007a 4500</leader><controlfield tag="001">14546388</controlfield><controlfield tag="008">861028d18521854iaudn ne      0    0eng d</controlfield><datafield ind1=" " ind2=" " tag="010"><subfield code="a">sn 86061139 </subfield></datafield><datafield ind1=" " ind2=" " tag="040"><subfield code="a">INP</subfield><subfield code="b">eng</subfield><subfield code="c">INP</subfield><subfield code="d">NPH</subfield><subfield code="d">INP</subfield><subfield code="d">IOD</subfield><subfield code="d">OCLCQ</subfield><subfield code="d">OCLCF</subfield><subfield code="d">OCLCO</subfield></datafield><datafield ind1=" " ind2=" " tag="019"><subfield code="a">20328195</subfield></datafield><datafield ind1="1" ind2=" " tag="029"><subfield code="a">AU@</subfield><subfield code="b">000025811298</subfield></datafield><datafield ind1=" " ind2=" " tag="042"><subfield code="a">msc</subfield></datafield><datafield ind1=" " ind2=" " tag="043"><subfield code="a">n-us-ia</subfield></datafield><datafield ind1="0" ind2="0" tag="245"><subfield code="a">Daily miners' express.</subfield></datafield><datafield ind1="1" ind2="3" tag="246"><subfield code="a">Miners' daily express</subfield></datafield><datafield ind1=" " ind2=" " tag="260"><subfield code="a">City of Dubuque, Iowa :</subfield><subfield code="b">Wm. H. Merritt,</subfield><subfield code="c">1852-</subfield></datafield><datafield ind1=" " ind2=" " tag="300"><subfield code="a">v.</subfield></datafield><datafield ind1=" " ind2=" " tag="310"><subfield code="a">Daily (except Sunday)</subfield></datafield><datafield ind1="0" ind2=" " tag="362"><subfield code="a">Vol. 1, no. 125 (Jan. 13, 1852)-</subfield></datafield><datafield ind1="1" ind2=" " tag="362"><subfield code="a">Ceased Oct. 25, 1854.</subfield><subfield code="z">Cf. Bibl. of Iowa newspapers.</subfield></datafield><datafield ind1=" " ind2="0" tag="650"><subfield code="a">American newspapers.</subfield></datafield><datafield ind1=" " ind2="0" tag="650"><subfield code="a">Newspapers.</subfield></datafield><datafield ind1=" " ind2="7" tag="650"><subfield code="a">American newspapers.</subfield><subfield code="2">fast</subfield><subfield code="0">(OCoLC)fst00807293</subfield></datafield><datafield ind1=" " ind2="7" tag="650"><subfield code="a">Newspapers.</subfield><subfield code="2">fast</subfield><subfield code="0">(OCoLC)fst01037111</subfield></datafield><datafield ind1=" " ind2=" " tag="752"><subfield code="a">United States</subfield><subfield code="b">Iowa</subfield><subfield code="c">Dubuque</subfield><subfield code="d">Dubuque.</subfield></datafield><datafield ind1="0" ind2=" " tag="775"><subfield code="t">Miners' express (Dubuque, Iowa : 1849)</subfield><subfield code="w">(DLC)sn 86083363</subfield></datafield><datafield ind1="0" ind2="0" tag="780"><subfield code="t">Miners' daily express</subfield><subfield code="w">(DLC)sn 86061138</subfield></datafield><datafield ind1="0" ind2="7" tag="785"><subfield code="t">Dubuque daily herald (Dubuque, Iowa : 1851)</subfield><subfield code="w">(DLC)sn 86053059</subfield></datafield><datafield ind1="0" ind2="7" tag="785"><subfield code="t">Daily express and herald</subfield><subfield code="w">(DLC)sn 86061140</subfield></datafield></record>